%% report.bib - contains BiBtex input for bibliography
@inproceedings{10.1117/12.2313106,
author = {Deneys S. Maartens and Janus D. Brink},
title = {{Selecting a simple, natively implemented middleware solution for the SALT control system}},
volume = {10707},
booktitle = {Software and Cyberinfrastructure for Astronomy V},
editor = {Juan C. Guzman and Jorge Ibsen},
organization = {International Society for Optics and Photonics},
publisher = {SPIE},
pages = {107070E},
keywords = {SALT, control systems, middleware, DDS, HTTP, NATS, LabVIEW},
year = {2018},
doi = {10.1117/12.2313106},
URL = {https://doi.org/10.1117/12.2313106}
}

@incollection{BUYYA201329,
title = {Chapter 2 - Principles of Parallel and Distributed Computing},
editor = {Rajkumar Buyya and Christian Vecchiola and S. Thamarai Selvi},
booktitle = {Mastering Cloud Computing},
publisher = {Morgan Kaufmann},
address = {Boston},
pages = {29-70},
year = {2013},
isbn = {978-0-12-411454-8},
doi = {https://doi.org/10.1016/B978-0-12-411454-8.00002-4},
url = {https://www.sciencedirect.com/science/article/pii/B9780124114548000024},
author = {Rajkumar Buyya and Christian Vecchiola and S. Thamarai Selvi},
keywords = {Parallel computing, distributed computing, service orientation, service oriented architecture (SOA), web services},
abstract = {This chapter presents the fundamental principles of parallel and distributed computing and discusses models and conceptual frameworks that serve as foundations for building cloud computing systems and applications.}
}

@INPROCEEDINGS{2016SPIE.9906E..5CM,
       author = {{Mills}, Dave and {Schumacher}, German and {Lotz}, Paul},
        title = "{LSST communications middleware implementation}",
    booktitle = {Ground-based and Airborne Telescopes VI},
         year = 2016,
       editor = {{Hall}, Helen J. and {Gilmozzi}, Roberto and {Marshall}, Heather K.},
       series = {Society of Photo-Optical Instrumentation Engineers (SPIE) Conference Series},
       volume = {9906},
        month = jul,
          eid = {99065C},
        pages = {99065C},
          doi = {10.1117/12.2233099},
       adsurl = {https://ui.adsabs.harvard.edu/abs/2016SPIE.9906E..5CM},
      adsnote = {Provided by the SAO/NASA Astrophysics Data System}
}


